@ARTICLE {loadbalancing1999,
	author  = "Valeria Cardellini and Michele Colajanni and Philip S. Yu",
	title   = "Dynamic load balancing on web-server systems",
	journal = "IEEE Internet Computing",
	year    = "1999",
	volume  = "3",
	number  = "3",
	pages   = "28 - 39"
}
@ARTICLE {tekniikkavertailu2000,
	author  = "Haakon Bryhni and Espen Klovning and Oivind Kure",
	title   = "A comparison of load balancing techniques for scalable Web servers",
	journal = "IEEE network",
	year    = "2000",
	volume  = "14",
	number  = "4",
	pages   = "58 - 64",
	month   = "Jul"
}
@ARTICLE {vertailukuormantasauksesta2010,
	author  = "Katja Gilly and Carlos Juiz and Ramon Puigjaner",
	title   = "An up-to-date survey in web load balancing",
	journal = "World Wide Web",
	year    = "2011",
	volume  = "14",
	number  = "2",
	pages   = "105 - 131",
	month   = "Mar"
}

@CONFERENCE {cloudscalebalancing,
	author    = "Parveen Patel and Deepak Bansal and Lihya Yan and Ashwin Murthy and Albert greenberg and David A. Maltz and Randy Kern and Hemant Kumar and Marios Zikos and Hongyu Wu and Changhoon Kim and Naveen Karri",
	title     = "Ananta: cloud scale load balancing",
	booktitle = "Proceedings of the ACM SIGCOMM 2013 conference on SIGCOMM",
	year      = "2013",
    pages     = "207 - 218"
}

